<?xml version="1.0" encoding="UTF-8"?><record xmlns="http://www.loc.gov/MARC21/slim" xmlns:cinclude="http://apache.org/cocoon/include/1.0" xmlns:zs="http://www.loc.gov/zing/srw/">
  <leader>00373cz  a2200121n  4500</leader>
  <controlfield tag="001">n  88635245 </controlfield>
  <controlfield tag="003">DLC</controlfield>
  <controlfield tag="005">20000223050426.0</controlfield>
  <controlfield tag="008">880511n| acannaab|          |n aaa      </controlfield>
  <datafield tag="010" ind1=" " ind2=" ">
    <subfield code="a">n  88635245 </subfield>
  </datafield>
  <datafield tag="040" ind1=" " ind2=" ">
    <subfield code="a">DLC</subfield>
    <subfield code="c">DLC</subfield>
    <subfield code="d">Uk</subfield>
  </datafield>
  <datafield tag="100" ind1="1" ind2="0">
    <subfield code="a">Nickels, Wally</subfield>
  </datafield>
  <datafield tag="670" ind1=" " ind2=" ">
    <subfield code="a">nuc88-56395: His Practical ways to teach mathematics, 1985</subfield>
    <subfield code="b">(hdg. on MiDW rept.: Nickels, Wally; usage: Wally Nickels)</subfield>
  </datafield>
</record>